@article{zitova2003image,
  title={Image Registration Methods: a survey},
  author={Zitova, Barbara and Flusser, Jan},
  journal={Image and vision computing},
  volume={21},
  number={11},
  pages={977--1000},
  year={2003},
  publisher={Elsevier}
}

@article{brown1992survey,
  title={A survey of Image Registration Techniques},
  author={Brown, Lisa Gottesfeld},
  journal={ACM computing surveys (CSUR)},
  volume={24},
  number={4},
  pages={325--376},
  year={1992},
  publisher={ACM New York, NY, USA}
}

@inproceedings{gundamraj2021preliminary,
  title={Preliminary Design of a Distributed Telescope CubeSat Formation for Coronal Observations},
  author={Gundamraj, Athreya and Thatavarthi, Rohan and Carter, Christopher and Lightsey, E Glenn and Koenig, Adam and D'Amico, Simone},
  booktitle={AIAA Scitech 2021 Forum},
  pages={0422},
  year={2021}
}

@article{gratadour2005sub,
  title={Sub-pixel Image Registration with a Maximum Likelihood Estimator-Application to the First Adaptive Optics Observations of Arp 220 in the L Band},
  author={Gratadour, D and Mugnier, LM and Rouan, D},
  journal={Astronomy \& Astrophysics},
  volume={443},
  number={1},
  pages={357--365},
  year={2005},
  publisher={EDP Sciences}
}

@article{robinson2004fundamental,
  title={Fundamental Performance Limits in Image Registration},
  author={Robinson, Dirk and Milanfar, Peyman},
  journal={IEEE Transactions on Image Processing},
  volume={13},
  number={9},
  pages={1185--1199},
  year={2004},
  publisher={IEEE}
}

@article{kumar1992correlation,
  title={Correlation Filters Minimizing Peak Location Errors},
  author={Kumar, BVK Vijaya and Dickey, Fred M and DeLaurentis, John M},
  journal={JOSA A},
  volume={9},
  number={5},
  pages={678--682},
  year={1992},
  publisher={Optical Society of America}
}

@misc{bailey2019image,
  title={Image Processing Using FPGAs},
  author={Bailey, Donald G},
  journal={Journal of Imaging},
  volume={5},
  number={5},
  pages={53},
  year={2019},
  publisher={Multidisciplinary Digital Publishing Institute}
}

@inproceedings{mort1988maximum,
  title={Maximum Likelihood Image Registration with Subpixel Accuracy},
  author={Mort, Michael S and Srinath, MD},
  booktitle={Applications of digital Image Processing XI},
  volume={974},
  pages={38--45},
  year={1988},
  organization={SPIE}
}

@article{bradley1973equivalence,
  title={The Equivalence of Maximum Likelihood and Weighted Least Squares Estimates in the Exponential Family},
  author={Bradley, Edwin L},
  journal={Journal of the American Statistical Association},
  volume={68},
  number={341},
  pages={199--200},
  year={1973},
  publisher={Taylor \& Francis}
}

@article{mcgillem1976image,
  title={Image Registration Error Variance as a Measure of Overlay Quality},
  author={McGillem, Clare D and Svedlow, M},
  journal={IEEE Transactions on Geoscience Electronics},
  volume={14},
  number={1},
  pages={44--49},
  year={1976},
  publisher={IEEE}
}

@article{guillaume1998maximum,
  title={Maximum-likelihood Estimation of an Astronomical Image from a Sequence at Low Photon Levels},
  author={Guillaume, Mireille and Melon, Pierre and R{\'e}fr{\'e}gier, Philippe and Llebaria, Antoine},
  journal={JOSA A},
  volume={15},
  number={11},
  pages={2841--2848},
  year={1998},
  publisher={Optical Society of America}
}

@article{ginsburg2013bolocam,
  title={The Bolocam Galactic Plane Survey. IX. Data Release 2 and Outer Galaxy Extension},
  author={Ginsburg, Adam and Glenn, Jason and Rosolowsky, Erik and Ellsworth-Bowers, Timothy P and Battersby, Cara and Dunham, Miranda and Merello, Manuel and Shirley, Yancy and Bally, John and Evans II, Neal J and others},
  journal={The Astrophysical Journal Supplement Series},
  volume={208},
  number={2},
  pages={14},
  year={2013},
  publisher={IOP Publishing}
}

@article{guizar2008efficient,
  title={Efficient Subpixel Image Registration Algorithms},
  author={Guizar-Sicairos, Manuel and Thurman, Samuel T and Fienup, James R},
  journal={Optics letters},
  volume={33},
  number={2},
  pages={156--158},
  year={2008},
  publisher={Optical Society of America}
}


@online{xilinx,
  author = {Xilinx},
  title = {Fast Fourier Transform (FFT)},
  howpublished = {\url{https://www.xilinx.com/products/intellectual-property/fft.html#overview}},
  urldate = {2022-02-14}
}

@article{wells1996multi,
  title={Multi-modal Volume Registration by Maximization of Mutual Information},
  author={Wells III, William M and Viola, Paul and Atsumi, Hideki and Nakajima, Shin and Kikinis, Ron},
  journal={Medical image analysis},
  volume={1},
  number={1},
  pages={35--51},
  year={1996},
  publisher={Citeseer}
}

@book{konrad,
  title={Handbook of Image and Video Processing},
  author={Bovik, Alan C},
  year={2010},
  publisher={Academic Press}
}

@article{mers,
  title={Robust Wide-baseline Stereo from Maximally Stable Extremal Regions},
  author={Matas, Jiri and Chum, Ondrej and Urban, Martin and Pajdla, Tom{\'a}s},
  journal={Image and Vision Computing},
  volume={22},
  number={10},
  pages={761--767},
  year={2004},
  publisher={Elsevier}
}

@article{beroiz2020astroalign,
  title={Astroalign: A Python Module for Astronomical Image Registration},
  author={Beroiz, Martin and Cabral, Juan B and Sanchez, Bruno},
  journal={Astronomy and Computing},
  volume={32},
  pages={100384},
  year={2020},
  publisher={Elsevier}
}

@article{lang2010astrometry,
  title={Astrometry. net: Blind Astrometric Calibration of Arbitrary Astronomical Images},
  author={Lang, Dustin and Hogg, David W and Mierle, Keir and Blanton, Michael and Roweis, Sam},
  journal={The astronomical journal},
  volume={139},
  number={5},
  pages={1782},
  year={2010},
  publisher={IOP Publishing}
}

@article{ma2010fully,
  title={Fully Automatic Subpixel Image Registration of Multiangle CHRIS/Proba Data},
  author={Ma, Jianglin and Chan, Jonathan Cheung-Wai and Canters, Frank},
  journal={IEEE transactions on geoscience and remote sensing},
  volume={48},
  number={7},
  pages={2829--2839},
  year={2010},
  publisher={IEEE}
}

@article{cain2001projection,
  title={Projection-based Image Registration in the Presence of Fixed-pattern Noise},
  author={Cain, Stephen C and Hayat, Majeed M and Armstrong, Ernest E},
  journal={IEEE transactions on image processing},
  volume={10},
  number={12},
  pages={1860--1872},
  year={2001},
  publisher={IEEE}
}

@inproceedings{koenig2021formation,
  title={Formation Flying Orbit and Control Concept for the VISORS Mission},
  author={Koenig, Adam and D'Amico, Simone and Lightsey, E Glenn},
  booktitle={AIAA Scitech 2021 Forum},
  pages={0423},
  year={2021}
}

@article{reddy1996fft,
  title={An FFT-based technique for translation, rotation, and scale-invariant image registration},
  author={Reddy, B Srinivasa and Chatterji, Biswanath N},
  journal={IEEE transactions on image processing},
  volume={5},
  number={8},
  pages={1266--1271},
  year={1996},
  publisher={IEEE}
}
